<?xml version="1.0" encoding="UTF-8"?>
<collection xmlns:xsi="http://www.w3.org/2001/XMLSchema-instance" xsi:schemaLocation="http://www.loc.gov/MARC21/slim http://www.loc.gov/standards/marcxml/schema/MARC21slim.xsd" xmlns="http://www.loc.gov/MARC21/slim">
<record>
  <leader>01190cam a2200265   4500</leader>
  <controlfield tag="001">3076752</controlfield>
  <controlfield tag="003">NNC</controlfield>
  <controlfield tag="005">20050623140344.0</controlfield>
  <controlfield tag="008">890921s1963    iq ac         000 0 ara c</controlfield>
  <datafield tag="010" ind1=" " ind2=" ">
    <subfield code="a">ne 64003617 </subfield>
  </datafield>
  <datafield tag="035" ind1=" " ind2=" ">
    <subfield code="a">(OCoLC)ocm20379736</subfield>
  </datafield>
  <datafield tag="035" ind1=" " ind2=" ">
    <subfield code="9">ATQ0362CU</subfield>
  </datafield>
  <datafield tag="035" ind1=" " ind2=" ">
    <subfield code="a">(NNC)3076752</subfield>
  </datafield>
  <datafield tag="040" ind1=" " ind2=" ">
    <subfield code="a">Princeton Univ Lib</subfield>
    <subfield code="c">IXA</subfield>
    <subfield code="d">IXA</subfield>
    <subfield code="d">ZCU</subfield>
  </datafield>
  <datafield tag="050" ind1=" " ind2=" ">
    <subfield code="a">ML332</subfield>
    <subfield code="b">.A4 1963</subfield>
  </datafield>
  <datafield tag="099" ind1=" " ind2=" ">
    <subfield code="a">893.782</subfield>
    <subfield code="a">Al51</subfield>
  </datafield>
  <datafield tag="100" ind1="1" ind2=" ">
    <subfield code="a">ʻAllāf, ʻAbd al-Karīm.</subfield>
  </datafield>
  <datafield tag="245" ind1="1" ind2="3">
    <subfield code="a">al-Ṭarab ʻinda al-ʻArab.</subfield>
    <subfield code="b">Kitāb muṣawwir yabḥath ʻan al-mūsīqá al-ʻArabīyah fī alʻ̄ahd al-Jāhilī wa-al-Umawī wa-al-ʻAbbāsī wa-al-Andalusī wa-al-shiʻr wa-al-mūsīqá wa-maʻrifat al-aṣwāt wa-al-ālāt al-ṭarab wa-al-ghināʾ fī Miṣr wa-al-ʻIrāq bi-janubih wa-shamālih,</subfield>
    <subfield code="c">taʾlīf ʻAbd al-Karīm al-ʻAllaf. Qaddama lahu Yūsuf ʻIzz al-Dīn.</subfield>
  </datafield>
  <datafield tag="250" ind1=" " ind2=" ">
    <subfield code="a">al-Ṭabʻah al-thāniyah.</subfield>
  </datafield>
  <datafield tag="260" ind1=" " ind2=" ">
    <subfield code="a">Baghdād,</subfield>
    <subfield code="b">al-Maktabah al-Ahlīyah,</subfield>
    <subfield code="c">1963.</subfield>
  </datafield>
  <datafield tag="300" ind1=" " ind2=" ">
    <subfield code="a">12, 256 p.</subfield>
    <subfield code="b">illus., ports.</subfield>
    <subfield code="c">24 cm.</subfield>
  </datafield>
  <datafield tag="500" ind1=" " ind2=" ">
    <subfield code="a">Cover title: al-Tarab ind al-Arab (Delight and pleasure among the Arabs)</subfield>
  </datafield>
  <datafield tag="650" ind1=" " ind2="0">
    <subfield code="a">Music</subfield>
    <subfield code="z">Arab countries.</subfield>
  </datafield>
  <datafield tag="650" ind1=" " ind2="0">
    <subfield code="a">Folk songs, Arabic.</subfield>
  </datafield>
  <datafield tag="955" ind1=" " ind2=" ">
    <subfield code="b">CU58888268</subfield>
    <subfield code="d">off,glx</subfield>
    <subfield code="e">893.782 Al51</subfield>
  </datafield>
</record>
</collection>